% Encoding: UTF-8

@Article{nguyen2015intelligent,
  author       = {Nguyen, Anh-Tuan and Chen, Wei and Rauterberg, Matthias},
  title        = {Intelligent presentation skills trainer analyses body movement},
  year         = {2015},
  pages        = {320--332},
  booktitle    = {International Work-Conference on Artificial Neural Networks},
  file         = {:chp%3A10.1007%2F978-3-319-19222-2_27.pdf:PDF},
  organization = {Springer},
}

@Article{栗原一貴2006プレゼン先生,
  author  = {栗原一貴 後藤真孝 緒方淳 松坂要佐 五十嵐健夫},
  title   = {プレゼン先生: 音声情報処理と画像情報処理を用いたプレゼンテーションのトレーニングシステム},
  journal = {WISS 第 14 回インタラクティブシステムとソフトウェアに関するワークショップ},
  year    = {2006},
  volume  = {2006},
  pages   = {59--64},
  file    = {:presensensei_cameraready_color.pdf:PDF},
}

@Article{hincks2009promoting,
  author    = {Hincks, Rebecca and Edlund, Jens},
  title     = {Promoting increased pitch variation in oral presentations with transient visual feedback},
  journal   = {Language Learning \& Technology},
  year      = {2009},
  volume    = {13},
  number    = {3},
  pages     = {32--50},
  file      = {:Promoting_increased_pitch_variation_in_o.pdf:PDF},
  publisher = {University of Hawaii National Foreign Language Resource Center. 1859 East-West Road\# 106, Honolulu, HI 96822},
  review    = {Pitch variance in oral presentations},
}

@Article{pfister2011real,
  author    = {Pfister, Tomas and Robinson, Peter},
  title     = {Real-time recognition of affective states from nonverbal features of speech and its application for public speaking skill analysis},
  journal   = {IEEE Transactions on Affective Computing},
  year      = {2011},
  volume    = {2},
  number    = {2},
  pages     = {66--78},
  file      = {:05740838.pdf:PDF},
  publisher = {IEEE},
  review    = {Vocal emotion detection moudle},
}

@InProceedings{duan2005best,
  author       = {Duan, Kai-Bo and Keerthi, S Sathiya},
  title        = {Which is the best multiclass SVM method? An empirical study},
  booktitle    = {International Workshop on Multiple Classifier Systems},
  year         = {2005},
  pages        = {278--285},
  organization = {Springer},
  file         = {:MulticlassSVM10.1.1.110.6789.pdf:PDF},
  review       = {SVM  to analyze one presentation based on a set of 6 qualities and achieved the accuracy of 81%},
}

@InProceedings{gao2009user,
  author       = {Gao, Tianshi and Wu, Chen and Aghajan, Hamid},
  title        = {User-centric speaker report: Ranking-based effectiveness evaluation and feedback},
  booktitle    = {Computer Vision Workshops (ICCV Workshops), 2009 IEEE 12th International Conference on},
  year         = {2009},
  pages        = {1004--1011},
  organization = {IEEE},
  file         = {:05457592.pdf:PDF},
  review       = {method that only based on visual information.},
}

@Article{freund2003efficient,
  author  = {Freund, Yoav and Iyer, Raj and Schapire, Robert E and Singer, Yoram},
  title   = {An efficient boosting algorithm for combining preferences},
  journal = {Journal of machine learning research},
  year    = {2003},
  volume  = {4},
  number  = {Nov},
  pages   = {933--969},
  file    = {:freund03a.pdf:PDF},
}

@InProceedings{kurihara2007presentation,
  author       = {Kurihara, Kazutaka and Goto, Masataka and Ogata, Jun and Matsusaka, Yosuke and Igarashi, Takeo},
  title        = {Presentation sensei: a presentation training system using speech and image processing},
  booktitle    = {Proceedings of the 9th international conference on Multimodal interfaces},
  year         = {2007},
  pages        = {358--365},
  organization = {ACM},
  file         = {:p358-kurihara.pdf:PDF},
}

@Article{seiler2002communication,
  author    = {Seiler, William J and Beall, Melissa L},
  title     = {Communication: making connections},
  year      = {2002},
  publisher = {Allyn and Bacon},
}

@Comment{jabref-meta: databaseType:bibtex;}
