@Techreport{Sentovich92,
  author = "E.~M.~Sentovich et al.",
  title = "{SIS: A System for Sequential Circuit Synthesis}", 
  institution = "Univ. of California, Berkeley",
  year = 1992,
  month = may,
  number = "UCB/ERL M92/41"
}
